<record><leader>00000cas a22000007a 4500</leader><controlfield tag="001">15722502</controlfield><controlfield tag="008">870521d18661901inudn ne      0    0eng d</controlfield><datafield ind1=" " ind2=" " tag="010"><subfield code="a">sn 87056064 </subfield></datafield><datafield ind1=" " ind2=" " tag="040"><subfield code="a">NPI</subfield><subfield code="b">eng</subfield><subfield code="c">NPI</subfield><subfield code="d">OCLCQ</subfield></datafield><datafield ind1=" " ind2=" " tag="042"><subfield code="a">msc</subfield></datafield><datafield ind1="0" ind2="4" tag="245"><subfield code="a">The Goshen daily times.</subfield></datafield><datafield ind1=" " ind2=" " tag="260"><subfield code="a">Goshen, Ind. :</subfield><subfield code="b">Times Pub. Co.</subfield></datafield><datafield ind1=" " ind2=" " tag="310"><subfield code="a">Daily (except Sun.)</subfield></datafield><datafield ind1="1" ind2=" " tag="362"><subfield code="a">Began with Aug. 17, 1886 issue; ceased in July 1901.</subfield></datafield><datafield ind1=" " ind2=" " tag="580"><subfield code="a">Also published in a weekly ed. called: The Goshen times.</subfield></datafield><datafield ind1=" " ind2=" " tag="580"><subfield code="a">Also published in a semiweekly ed. called: Goshen mid-week times.</subfield></datafield><datafield ind1=" " ind2=" " tag="588"><subfield code="a">Description based on: Vol. 5, no. 247 (May 30, 1891).</subfield></datafield><datafield ind1=" " ind2=" " tag="752"><subfield code="a">United States</subfield><subfield code="b">Indiana</subfield><subfield code="c">Elkhart</subfield><subfield code="d">Goshen.</subfield></datafield><datafield ind1="1" ind2=" " tag="775"><subfield code="t">Goshen times</subfield><subfield code="w">(DLC)sn 84027381</subfield></datafield><datafield ind1="1" ind2=" " tag="775"><subfield code="t">Goshen mid-week times</subfield><subfield code="w">(DLC)sn 87056065</subfield></datafield><datafield ind1="0" ind2="7" tag="785"><subfield code="t">Goshen daily news</subfield><subfield code="w">(DLC)sn 86063072</subfield></datafield><datafield ind1="0" ind2="7" tag="785"><subfield code="t">Goshen daily news-times</subfield><subfield code="w">(DLC)sn 87056069</subfield></datafield></record>